@inproceedings{junghanns1997sokoban,
  title={Sokoban: A challenging single-agent search problem},
  author={Junghanns, A. and Schaeffer, J.},
  booktitle={In IJCAI Workshop on Using Games as an Experimental Testbed for AI Reasearch},
  year={1997},
  organization={Citeseer}
}

@Misc{solverpage,
howpublished = {\url{http://sokobano.de/wiki/index.php?title=Solver_Statistics}},
}

@article{pearl1984heuristics,
  title={Heuristics: intelligent search strategies for computer problem solving},
  author={Pearl, J.},
  year={1984},
  publisher={Addison-Wesley Pub. Co., Inc., Reading, MA}
}

@article{amosgenetic,
  title={A Genetic Algorithm for the Zen Puzzle Garden Game},
  author={Amos, M. and Coldridge, J.}
}

@article{goldberg1989genetic,
  title={Genetic algorithms in search, optimization, and machine learning},
  author={Goldberg, D.E.},
  year={1989},
  publisher={Addison-Wesley Professional}
}

@inproceedings{coldridge2010genetic,
  title={Genetic algorithms and the art of Zen},
  author={Coldridge, J. and Amos, M.},
  booktitle={Bio-Inspired Computing: Theories and Applications (BIC-TA), 2010 IEEE Fifth International Conference on},
  pages={1417--1423},
  year={2010},
  organization={IEEE}
}

@article{stout1996smart,
  title={Smart moves: Intelligent path-finding},
  author={Stout, B.},
  journal={Game Developer},
  pages={28--35},
  year={1996}
}

@article{korf1993linear,
  title={Linear-space best-first search},
  author={Korf, R.E.},
  journal={Artificial Intelligence},
  volume={62},
  number={1},
  pages={41--78},
  year={1993},
  publisher={Elsevier}
}

@article{nishihara2004depth,
  title={Depth first search},
  author={Nishihara, T. and Minamide, Y.},
  journal={The Archive of Formal Proofs. http://afp. sf. net/entries/Depth-First-Search. shtml},
  year={2004}
}

@article{junghanns2001sokoban,
  title={Sokoban: Enhancing general single-agent search methods using domain knowledge},
  author={Junghanns, A. and Schaeffer, J.},
  journal={Artificial Intelligence},
  volume={129},
  number={1-2},
  pages={219--251},
  year={2001},
  publisher={Elsevier}
}

@article{lichtenstein1980go,
  title={Go is polynomial-space hard},
  author={Lichtenstein, D. and Sipser, M.},
  journal={Journal of the ACM (JACM)},
  volume={27},
  number={2},
  pages={393--401},
  year={1980},
  publisher={ACM}
}

@inproceedings{culberson1999sokoban,
  title={Sokoban is PSPACE-complete},
  author={Culberson, J.},
  booktitle={Fun With Algorithms},
  volume={4},
  pages={65--76},
  year={1999},
  organization={Citeseer}
}


